@inproceedings{fouladi2017encoding,
  title={Encoding, fast and slow: Low-latency video processing using thousands of tiny threads},
  author={Fouladi, Sadjad and Wahby, Riad S and Shacklett, Brennan and Balasubramaniam, Karthikeyan Vasuki and Zeng, William and Bhalerao, Rahul and Sivaraman, Anirudh and Porter, George and Winstein, Keith},
  booktitle={14th $\{$USENIX$\}$ Symposium on Networked Systems Design and Implementation ($\{$NSDI$\}$ 17)},
  pages={363--376},
  year={2017}
}
